<?xml version="1.0" encoding="UTF-8"?><collection xmlns="http://www.loc.gov/MARC21/slim"><record><leader>00570nam--2200193-u-4500</leader><controlfield tag="001">000051378</controlfield><controlfield tag="002">20161230</controlfield><controlfield tag="005">20170128144155</controlfield><controlfield tag="008">080708s1000------------r-----000-0-eng-d</controlfield><datafield ind1=" " ind2=" " tag="040"><subfield code="a">IFIN-HH</subfield></datafield><datafield ind1=" " ind2=" " tag="080"><subfield code="a">517</subfield></datafield><datafield ind1="1" ind2=" " tag="100"><subfield code="a">Dold, A</subfield></datafield><datafield ind1="1" ind2="0" tag="245"><subfield code="a">Stochastic Analysis and Applications. Proceedings of the International Conference held in Swansea, April 11-15, 1983</subfield></datafield><datafield ind1=" " ind2=" " tag="260"><subfield code="a">Berlin</subfield><subfield code="b">Springer-Verlag</subfield><subfield code="c">1984</subfield></datafield><datafield ind1=" " ind2=" " tag="300"><subfield code="a">199 p</subfield></datafield><datafield ind1=" " ind2=" " tag="490"><subfield code="a">Lecture Notes in Mathematics</subfield><subfield code="v">Vol.1095</subfield></datafield><datafield ind1=" " ind2=" " tag="700"><subfield code="a">Eckmann, B</subfield><subfield code="b">red</subfield></datafield><datafield ind1=" " ind2=" " tag="852"><subfield code="a">73858</subfield><subfield code="c">517</subfield></datafield><datafield ind1=" " ind2=" " tag="CAT"><subfield code="a">SYS</subfield><subfield code="c">20170128</subfield><subfield code="h">144155</subfield></datafield></record></collection>